<?xml version="1.0" encoding="UTF-8"?><collection xmlns="http://www.loc.gov/MARC21/slim"><record><leader>00640nam--2200169-i-4500</leader><controlfield tag="001">000037529</controlfield><controlfield tag="002">20161230</controlfield><controlfield tag="005">20161230201041</controlfield><controlfield tag="008">060222s1000------------r-----000-0-eng-d</controlfield><datafield ind1=" " ind2=" " tag="040"><subfield code="a">IFIN-HH</subfield></datafield><datafield ind1=" " ind2=" " tag="080"><subfield code="a">539.12.01:524.33(061.3)</subfield></datafield><datafield ind1="1" ind2=" " tag="100"><subfield code="a">Aubrecht Ii, Gordon J</subfield></datafield><datafield ind1="1" ind2="0" tag="245"><subfield code="a">Quarks, quasars and quandaries</subfield><subfield code="b">Proceedings of the conference on the teaching of modern physics held at fermi national accelerator laboratory april 24th through 27th, 1986</subfield><subfield code="c">Gordon j. aubrecht ii (ed.)</subfield></datafield><datafield ind1=" " ind2=" " tag="260"><subfield code="a">College Park</subfield><subfield code="b">American Association Of Physics Teachers</subfield><subfield code="c">1987</subfield></datafield><datafield ind1=" " ind2=" " tag="300"><subfield code="a">VII + 342P</subfield></datafield><datafield ind1=" " ind2=" " tag="852"><subfield code="a">78950</subfield><subfield code="c">539.12</subfield></datafield><datafield ind1=" " ind2=" " tag="CAT"><subfield code="a">Sys</subfield><subfield code="c">20120125</subfield><subfield code="h">161602</subfield></datafield></record></collection>